<record><leader>00000cas a2200000 i 4500</leader><controlfield tag="001">9657829</controlfield><controlfield tag="008">830629d19241955iluwr ne      0   a0ger c</controlfield><datafield ind1=" " ind2=" " tag="010"><subfield code="a">sn 83045131 </subfield></datafield><datafield ind1=" " ind2=" " tag="040"><subfield code="a">CRL</subfield><subfield code="b">eng</subfield><subfield code="e">rda</subfield><subfield code="c">CRL</subfield><subfield code="d">NPW</subfield><subfield code="d">NYS</subfield><subfield code="d">NVF</subfield><subfield code="d">CRL</subfield><subfield code="d">NVF</subfield><subfield code="d">OCLCQ</subfield><subfield code="d">OCLCF</subfield><subfield code="d">OCLCO</subfield><subfield code="d">NVF</subfield><subfield code="d">OCLCO</subfield><subfield code="d">NVF</subfield><subfield code="d">NDD</subfield><subfield code="d">OCL</subfield></datafield><datafield ind1="1" ind2=" " tag="029"><subfield code="a">AU@</subfield><subfield code="b">000025809487</subfield></datafield><datafield ind1=" " ind2=" " tag="042"><subfield code="a">pcc</subfield></datafield><datafield ind1=" " ind2=" " tag="043"><subfield code="a">n-us-il</subfield></datafield><datafield ind1="0" ind2=" " tag="130"><subfield code="a">Deutsch-Amerikanische Bu&#776;rger-Zeitung (Chicago, Ill.)</subfield></datafield><datafield ind1="1" ind2="0" tag="245"><subfield code="a">Deutsch-Amerikanische Bu&#776;rger-Zeitung.</subfield></datafield><datafield ind1="1" ind2="3" tag="246"><subfield code="a">Bu&#776;rger-Zeitung</subfield></datafield><datafield ind1="3" ind2=" " tag="246"><subfield code="a">Deutsch Amerikanische Bu&#776;rger Zeitung</subfield></datafield><datafield ind1="3" ind2=" " tag="246"><subfield code="a">Bu&#776;rger Zeitung</subfield></datafield><datafield ind1=" " ind2="1" tag="264"><subfield code="3">1924-Feb. 1929:</subfield><subfield code="a">Forest Park, Ill. :</subfield><subfield code="b">Max Gentzke</subfield></datafield><datafield ind1=" " ind2="1" tag="264"><subfield code="3">March 1929-1955:</subfield><subfield code="a">Chicago, Ill. :</subfield><subfield code="b">Chicago German Gazette Publishing Co.</subfield></datafield><datafield ind1=" " ind2=" " tag="300"><subfield code="a">volumes ;</subfield><subfield code="c">58 cm</subfield></datafield><datafield ind1=" " ind2=" " tag="310"><subfield code="a">Weekly,</subfield><subfield code="b">&lt;Aug. 22, 1935&gt;-1955</subfield></datafield><datafield ind1=" " ind2=" " tag="321"><subfield code="a">Monthly,</subfield><subfield code="b">Feb. 8, 1924-&lt;Aug. 1, 1931&gt;</subfield></datafield><datafield ind1=" " ind2=" " tag="336"><subfield code="a">text</subfield><subfield code="b">txt</subfield><subfield code="2">rdacontent</subfield></datafield><datafield ind1=" " ind2=" " tag="337"><subfield code="a">unmediated</subfield><subfield code="b">n</subfield><subfield code="2">rdamedia</subfield></datafield><datafield ind1=" " ind2=" " tag="338"><subfield code="a">volume</subfield><subfield code="b">nc</subfield><subfield code="2">rdacarrier</subfield></datafield><datafield ind1="1" ind2=" " tag="362"><subfield code="a">Began with: 1. Jahrgang, Nr. 1 (8. Februar 1924); Ceased in: 1955.</subfield></datafield><datafield ind1=" " ind2=" " tag="530"><subfield code="a">Available on microfilm;</subfield><subfield code="b">The Center for Research Libraries.</subfield></datafield><datafield ind1=" " ind2=" " tag="546"><subfield code="a">In German.</subfield></datafield><datafield ind1=" " ind2=" " tag="550"><subfield code="a">"Offizielles Organ des Deutsch-Amerikanischen Bu&#776;rgerbundes."</subfield></datafield><datafield ind1=" " ind2=" " tag="580"><subfield code="a">Weekly ed.: Chicagoer Deutsche Zeitung, 1925-May 22, 1926.</subfield></datafield><datafield ind1=" " ind2=" " tag="588"><subfield code="a">Description based on: 1. Jahrgang, Nr. 1 (8. Februar 1924); title from masthead.</subfield></datafield><datafield ind1=" " ind2=" " tag="588"><subfield code="a">Latest issue consulted: Jahrgang 28, no. 3 (19 Juli 1951).</subfield></datafield><datafield ind1="2" ind2="0" tag="610"><subfield code="a">Deutschamerikanischer Bu&#776;rgerbund</subfield><subfield code="v">Newspapers.</subfield></datafield><datafield ind1=" " ind2="0" tag="650"><subfield code="a">German Americans</subfield><subfield code="z">Illinois</subfield><subfield code="z">Chicago Metropolitan Area</subfield><subfield code="v">Newspapers.</subfield></datafield><datafield ind1=" " ind2="0" tag="650"><subfield code="a">Germans</subfield><subfield code="z">Illinois</subfield><subfield code="z">Chicago Metropolitan Area</subfield><subfield code="v">Newspapers.</subfield></datafield><datafield ind1=" " ind2="0" tag="651"><subfield code="a">Chicago Metropolitan Area (Ill.)</subfield><subfield code="v">Newspapers.</subfield></datafield><datafield ind1=" " ind2="7" tag="655"><subfield code="a">Newspapers.</subfield><subfield code="2">fast</subfield><subfield code="0">(OCoLC)fst01423814</subfield></datafield><datafield ind1="2" ind2="7" tag="610"><subfield code="a">Deutschamerikanischer Bu&#776;rgerbund.</subfield><subfield code="2">fast</subfield><subfield code="0">(OCoLC)fst00687515</subfield></datafield><datafield ind1=" " ind2="7" tag="650"><subfield code="a">German Americans.</subfield><subfield code="2">fast</subfield><subfield code="0">(OCoLC)fst00941308</subfield></datafield><datafield ind1=" " ind2="7" tag="650"><subfield code="a">Germans.</subfield><subfield code="2">fast</subfield><subfield code="0">(OCoLC)fst00942100</subfield></datafield><datafield ind1=" " ind2="7" tag="651"><subfield code="a">Illinois</subfield><subfield code="z">Chicago Metropolitan Area.</subfield><subfield code="2">fast</subfield><subfield code="0">(OCoLC)fst01345823</subfield></datafield><datafield ind1="2" ind2=" " tag="710"><subfield code="a">Deutschamerikanischer Bu&#776;rgerbund.</subfield></datafield><datafield ind1=" " ind2=" " tag="752"><subfield code="a">United States</subfield><subfield code="b">Illinois</subfield><subfield code="c">Cook</subfield><subfield code="d">Chicago.</subfield></datafield><datafield ind1=" " ind2=" " tag="752"><subfield code="a">United States</subfield><subfield code="b">Illinois</subfield><subfield code="c">Cook</subfield><subfield code="d">Forest Park.</subfield></datafield><datafield ind1="1" ind2=" " tag="775"><subfield code="t">Chicagoer Deutsche Zeitung</subfield><subfield code="w">(DLC)sn 83045546</subfield><subfield code="w">(OCoLC)9509813</subfield></datafield><datafield ind1="0" ind2="0" tag="780"><subfield code="t">Bu&#776;rgerzeitung und Illinois Staats-Zeitung</subfield><subfield code="w">(DLC)sn 83045558</subfield><subfield code="w">(OCoLC)9526843</subfield></datafield></record>